<?xml version="1.0" encoding="UTF-8"?><collection xmlns="http://www.loc.gov/MARC21/slim"><record><leader>00400nam--2200121-i-4500</leader><controlfield tag="001">000043320</controlfield><controlfield tag="002">20161230</controlfield><controlfield tag="005">20161230201044</controlfield><controlfield tag="008">060222s1000------------r-----000-0-eng-d</controlfield><datafield ind1=" " ind2=" " tag="080"><subfield code="a">621.039.58</subfield></datafield><datafield ind1=" " ind2=" " tag="245"><subfield code="a">Iie symposium int.de la protection civile sur les dangers des sradiations nucleaires, monaco, 10 au 15 oct.,1966</subfield></datafield><datafield ind1=" " ind2=" " tag="260"><subfield code="a">Geneve, Org.Int.De Protection Civile, 1966. 52 P.+ 9 Fig</subfield></datafield><datafield ind1=" " ind2=" " tag="852"><subfield code="a">28024</subfield></datafield></record></collection>